@misc{morganfreeman,
  url={https://www.youtube.com/watch?v=W9yWv5dqSKk},
  title={Through the wormhole: Wave/particle duality via silicon droplets}
}

@article{bushreview,
  author={John W. M. Bush},
  title={Pilot-Wave Hydrodynamics},
  year={2015},
  journal={Reviews in Advance},
  volume={preprint}
}

@article{couder,
  author={Y. Couder and E. Fort},
  title={Single particle diffraction and interference at a macroscopic scale},
  year={2006},
  journal={Physical Review Letters},
  volume={97},
  number={154101}
}

@article{ozanumerics,
  author={Anand U. Oza and Oistein Wind-Willassen and Daniel M. Harris and Rodolfo R. Rosales and John W. Bush},
  title={Pilot-wave hydrodynamics in a rotating frame: Exotic orbits},
  year={2014},
  journal={Physics of Fluids},
  volume={26},
  number={082101}
}

